@inproceedings{blanketexec,
author = {Manuel Egele and Maverick Woo and Peter Chapman and David Brumley},
title = {Blanket Execution: Dynamic Similarity Testing for Program Binaries and Components},
booktitle = {23rd USENIX Security Symposium (USENIX Security 14)},
year = {2014},
month = Aug,
isbn = {978-1-931971-15-7},
address = {San Diego, CA},
pages = {303-317},
url = {https://www.usenix.org/conference/usenixsecurity14/technical-sessions/presentation/egele},
publisher = {USENIX Association},
}

@article{zhou2005side,
  title={Side-Channel Attacks: Ten Years After Its Publication and the Impacts on Cryptographic Module Security Testing.},
  author={Zhou, YongBin and Feng, DengGuo},
  journal={IACR Cryptology ePrint Archive},
  volume={2005},
  pages={388},
  year={2005}
}

@INPROCEEDINGS{weinbergside, 
author={Weinberg, Z. and Chen, E.Y. and Jayaraman, P.R. and Jackson, C.}, 
booktitle={Security and Privacy (SP), 2011 IEEE Symposium on}, 
title={I Still Know What You Visited Last Summer: Leaking Browsing History via User Interaction and Side Channel Attacks}, 
year={2011}, 
month={May}, 
pages={147-161}, 
keywords={Web sites;online front-ends;security of data;Web sites;history browsing;history sniffing attacks;interactive techniques;side channel attacks;Browsers;Cascading style sheets;Color;History;Probes;Security;Servers;browsing history;privacy;web security}, 
doi={10.1109/SP.2011.23}, 
ISSN={1081-6011},}

@article{genkinstealing,
  title={Stealing Keys from PCs using a Radio: Cheap Electromagnetic Attacks on Windowed Exponentiation},
  author={Genkin, Daniel and Pachmanov, Lev and Pipman, Itamar and Tromer, Eran},
}

@incollection{genkin2014rsa,
  title={RSA key extraction via low-bandwidth acoustic cryptanalysis},
  author={Genkin, Daniel and Shamir, Adi and Tromer, Eran},
  booktitle={Advances in Cryptology--CRYPTO 2014},
  pages={444--461},
  year={2014},
  publisher={Springer}
}

@inproceedings{schindler2002combined,
  title={A combined timing and power attack},
  author={Schindler, Werner},
  booktitle={Public Key Cryptography},
  pages={263--279},
  year={2002},
  organization={Springer}
}

@incollection{black2002black,
  title={Black-box analysis of the block-cipher-based hash-function constructions from PGV},
  author={Black, John and Rogaway, Phillip and Shrimpton, Thomas},
  booktitle={Advances in Cryptology--CRYPTO 2002},
  pages={320--335},
  year={2002},
  publisher={Springer}
}

@incollection{okeya2006side,
year={2006},
isbn={978-3-540-35458-1},
booktitle={Information Security and Privacy},
volume={4058},
series={Lecture Notes in Computer Science},
editor={Batten, LynnMargaret and Safavi-Naini, Reihaneh},
doi={10.1007/11780656_36},
title={Side Channel Attacks Against HMACs Based on Block-Cipher Based Hash Functions},
url={http://dx.doi.org/10.1007/11780656_36},
publisher={Springer Berlin Heidelberg},
keywords={(keyed) hash function; HMAC; PGV construction; side channel attacks; differential power analysis (DPA); reverse DPA},
author={Okeya, Katsuyuki},
pages={432-443},
language={English}
}

@article{pintool,
 author = {Luk, Chi-Keung and Cohn, Robert and Muth, Robert and Patil, Harish and Klauser, Artur and Lowney, Geoff and Wallace, Steven and Reddi, Vijay Janapa and Hazelwood, Kim},
 title = {Pin: Building Customized Program Analysis Tools with Dynamic Instrumentation},
 journal = {SIGPLAN Not.},
 issue_date = {June 2005},
 volume = {40},
 number = {6},
 month = jun,
 year = {2005},
 issn = {0362-1340},
 pages = {190--200},
 numpages = {11},
 url = {http://doi.acm.org/10.1145/1064978.1065034},
 doi = {10.1145/1064978.1065034},
 acmid = {1065034},
 publisher = {ACM},
 address = {New York, NY, USA},
 keywords = {dynamic compilation, instrumentation, program analysis tools},
}

@INPROCEEDINGS{matchingcontrolflow, 
author={Nagarajan, V. and Gupta, R. and Xiangyu Zhang and Madou, M. and De Sutter, B.}, 
booktitle={Software Maintenance, 2007. ICSM 2007. IEEE International Conference on}, 
title={Matching Control Flow of Program Versions}, 
year={2007}, 
month={Oct}, 
pages={84-93}, 
keywords={computer crime;program debugging;software maintenance;aggressive control flow transformations;call graph;comprehensive dynamic matching algorithm;matching control flow;piracy detection;program versions;software debugging;software maintenance;Application software;Automatic control;Computer crime;Heuristic algorithms;History;Impedance matching;Manuals;Programming profession;Software debugging;Software maintenance}, 
doi={10.1109/ICSM.2007.4362621}, 
ISSN={1063-6773},}

@INPROCEEDINGS{smartfuzzer, 
author={Lanzi, A. and Martignoni, L. and Monga, M. and Paleari, R.}, 
booktitle={Software Engineering for Secure Systems, 2007. SESS '07: ICSE Workshops 2007. Third International Workshop on}, 
title={A Smart Fuzzer for x86 Executables}, 
year={2007}, 
month={May}, 
pages={7-7}, 
keywords={program testing;security of data;binary executables;black-box programs;preliminary static analysis;security-relevant flaws automatic identification;smart fuzzer;smart fuzzing;x86 executables;Buffer overflow;Computer bugs;Computer crashes;Computer crime;Condition monitoring;Data security;Information analysis;Lead;Signal processing;Testing}, 
doi={10.1109/SESS.2007.1},}

@inproceedings{duchene-14-advances_evolutionary_blackbox_fuzzing,
	Author = {Fabien Duchene},
	Title = {Harder, Better, Faster Fuzzer : Advances in BlackBox Evolutionary Fuzzing},
	type={hacking_conference},
	keywords = {Fuzzing, Black-Box, Evolutionary Algorithm, PDF, XSS, Security Testing},
	year={2014},
	range={international},
	x-international-audience = {yes},
	booktitle={Hack In The Box (HITB)},
	address={Amsterdam, Netherlands},
	hackingconference={yes},
	confURL={http://haxpo.nl/hitb2014ams-conference/},
}

@article{millerfuzz,
 author = {Miller, Barton P. and Fredriksen, Louis and So, Bryan},
 title = {An Empirical Study of the Reliability of UNIX Utilities},
 journal = {Commun. ACM},
 issue_date = {Dec. 1990},
 volume = {33},
 number = {12},
 month = dec,
 year = {1990},
 issn = {0001-0782},
 pages = {32--44},
 numpages = {13},
 url = {http://doi.acm.org/10.1145/96267.96279},
 doi = {10.1145/96267.96279},
 acmid = {96279},
 publisher = {ACM},
 address = {New York, NY, USA},
} 

@article{millerfuzzrevisited,
    author = {Barton P. Miller and David Koski and Cjin Pheow and Lee Vivekananda Maganty and Ravi Murthy and Ajitkumar Natarajan and Jeff Steidl},
    title = {Fuzz revisited: A re-examination of the reliability of UNIX utilities and services},
    year = {1995}
}

@article{symbolicexecution,
 author = {King, James C.},
 title = {Symbolic Execution and Program Testing},
 journal = {Commun. ACM},
 issue_date = {July 1976},
 volume = {19},
 number = {7},
 month = jul,
 year = {1976},
 issn = {0001-0782},
 pages = {385--394},
 numpages = {10},
 url = {http://doi.acm.org/10.1145/360248.360252},
 doi = {10.1145/360248.360252},
 acmid = {360252},
 publisher = {ACM},
 address = {New York, NY, USA},
 keywords = {program debugging, program proving, program testing, program verification, symbolic execution, symbolic interpretation},
}

@inproceedings{exesymex,
 author = {Cadar, Cristian and Ganesh, Vijay and Pawlowski, Peter M. and Dill, David L. and Engler, Dawson R.},
 title = {EXE: Automatically Generating Inputs of Death},
 booktitle = {Proceedings of the 13th ACM Conference on Computer and Communications Security},
 series = {CCS '06},
 year = {2006},
 isbn = {1-59593-518-5},
 location = {Alexandria, Virginia, USA},
 pages = {322--335},
 numpages = {14},
 url = {http://doi.acm.org/10.1145/1180405.1180445},
 doi = {10.1145/1180405.1180445},
 acmid = {1180445},
 publisher = {ACM},
 address = {New York, NY, USA},
 keywords = {attack generation, bug finding, constraint solving, dynamic analysis, symbolic execution, test case generation},
} 

@INPROCEEDINGS{prospex, 
author={Comparetti, P.M. and Wondracek, G. and Kruegel, C. and Kirda, E.}, 
booktitle={Security and Privacy, 2009 30th IEEE Symposium on}, 
title={Prospex: Protocol Specification Extraction}, 
year={2009}, 
month={May}, 
pages={110-125}, 
keywords={formal specification;protocols;reverse engineering;security of data;application-level specifications;automatic protocol reverse engineering;behavior-based message format extraction;malicious bot;network protocols;protocol specification extraction;state machines;Command and control systems;Data mining;Humans;Inspection;Monitoring;Network servers;Protocols;Reverse engineering;Security;Telecommunication traffic}, 
doi={10.1109/SP.2009.14}, 
ISSN={1081-6011},}

@inproceedings{bekrarsmartfuzz,
 author = {Bekrar, Sofia and Bekrar, Chaouki and Groz, Roland and Mounier, Laurent},
 title = {Finding Software Vulnerabilities by Smart Fuzzing},
 booktitle = {Proceedings of the 2011 Fourth IEEE International Conference on Software Testing, Verification and Validation},
 series = {ICST '11},
 year = {2011},
 isbn = {978-0-7695-4342-0},
 pages = {427--430},
 numpages = {4},
 url = {http://dx.doi.org/10.1109/ICST.2011.48},
 doi = {10.1109/ICST.2011.48},
 acmid = {1990112},
 publisher = {IEEE Computer Society},
 address = {Washington, DC, USA},
 keywords = {fuzzing, testing, software vulnerabilities},
}

@inproceedings{molnar2009dynamic,
  title={Dynamic Test Generation to Find Integer Bugs in x86 Binary Linux Programs.},
  author={Molnar, David and Li, Xue Cong and Wagner, David},
  booktitle={USENIX Security Symposium},
  pages={67--82},
  year={2009}
}

@article{creamssl,
title={CREAM: the scary SSL attack you've probably never heard of},
author={Arcieri, T.},
year={2014},
}

@Misc{darpacgc,
author={DARPA},
title={Cyber Grand Challenge binaries},
howpublished={\url{https://github.com/CyberGrandChallenge/samples}},
year={2014--2015}
}

@article{interviewbinary,
title={I was just asked to crack a program in a job interview !},
author={erenyagdiran},
url={http://erenyagdiran.github.io/I-was-just-asked-to-crack-a-program-Part-1},
year={2014},
}

@inproceedings{differential,
  title={Differential slicing: Identifying causal execution differences for security applications},
  author={Johnson, Noah M and Caballero, Juan and Chen, Kevin Zhijie and McCamant, Stephen and Poosankam, Pongsin and Reynaud, Daniel and Song, Dawn},
  booktitle={Security and Privacy (SP), 2011 IEEE Symposium on},
  pages={347--362},
  year={2011},
  organization={IEEE}
}

@inproceedings{weaver2008can,
  title={Can hardware performance counters be trusted?},
  author={Weaver, Vincent M and McKee, Sally A},
  booktitle={Workload Characterization, 2008. IISWC 2008. IEEE International Symposium on},
  pages={141--150},
  year={2008},
  organization={IEEE}
}

@inproceedings{godefroid2008automated,
  title={Automated Whitebox Fuzz Testing.},
  author={Godefroid, Patrice and Levin, Michael Y and Molnar, David A and others},
  booktitle={NDSS},
  volume={8},
  pages={151--166},
  year={2008}
}

@Misc{fuzzball,
author={McCamant, Stephen and others},
title={{FuzzBALL} Vine-based Binary Symbolic Execution},
howpublished={\url{http://bitblaze.cs.berkeley.edu/fuzzball.html}},
year={2014--2015}
}

@InProceedings{bitblaze,
  author = {Song, Dawn and Brumley, David and others},
  title = {{BitBlaze}: A New Approach to Computer Security via Binary Analysis},
  booktitle = {Proceedings of the 4th International Conference on Information Systems Security. Keynote invited paper.},
  address = {Hyderabad, India},
  note = {\url{http://bitblaze.cs.berkeley.edu/}}
  year = 2008,
  month = dec,
}

@Misc{zzuf,
  title = {{zzuf}: Multi-Purpose Fuzzer},
  note = {\url{http://caca.zoy.org/wiki/zzuf}},
}

@inproceedings{polyglot,
  title={Polyglot: Automatic extraction of protocol message format using dynamic binary analysis},
  author={Caballero, Juan and Yin, Heng and Liang, Zhenkai and Song, Dawn},
  booktitle={Proceedings of the 14th ACM conference on Computer and communications security},
  pages={317--329},
  year={2007},
  organization={ACM}
}
